\begin{thebibliography}{}

@article{zack77,
  title={Automatic measurement of sister chromatid exchange frequency.},
  author={Zack, GW and Rogers, WE and Latt, SA},
  journal={Journal of Histochemistry \& Cytochemistry},
  volume={25},
  number={7},
  pages={741--753},
  year={1977},
  publisher={SAGE Publications}
}


@INPROCEEDINGS{Lindeberg96, 
author={Lindeberg, T.}, 
booktitle={Computer Vision and Pattern Recognition, 1996. Proceedings CVPR '96, 1996 IEEE Computer Society Conference on}, 
title={Edge detection and ridge detection with automatic scale selection}, 
year={1996}, 
month={Jun}, 
pages={465-470},  
doi={10.1109/CVPR.1996.517113}, 
ISSN={1063-6919},
}


@article{Lee94,
 author = {Lee, Ta-Chih and Kashyap, Rangasami L. and Chu, Chong-Nam},
 title = {Building Skeleton Models via 3-D Medial Surface/Axis Thinning Algorithms},
 journal = {CVGIP: Graph. Models Image Process.},
 issue_date = {Nov. 1994},
 volume = {56},
 number = {6},
 month = nov,
 year = {1994},
 issn = {1049-9652},
 pages = {462--478},
 numpages = {17},
 url = {http://dx.doi.org/10.1006/cgip.1994.1042},
 doi = {10.1006/cgip.1994.1042},
 acmid = {202867},
 publisher = {Academic Press, Inc.},
 address = {Orlando, FL, USA},
} 


@article {Kimmel95,
author = {Kimmel, Charles B. and Ballard, William W. and Kimmel, Seth R. and Ullmann, Bonnie and Schilling, Thomas F.},
title = {Stages of embryonic development of the zebrafish},
journal = {Developmental Dynamics},
volume = {203},
number = {3},
publisher = {Wiley Subscription Services, Inc., A Wiley Company},
issn = {1097-0177},
url = {http://dx.doi.org/10.1002/aja.1002030302},
doi = {10.1002/aja.1002030302},
pages = {253--310},
keywords = {Danio rerio, Morphogenesis, Embryogenesis, Zygote, Cleavage, Blastula, Gastrula, Segmentation, Pharyngula, Hatching},
year = {1995},
}

@article{Patton01,
    author = {Patton, E. E. and Zon, L. I.},
    booktitle = {Nat Rev Genet},
    isbn = {1471-0056 (Linking)},
    number = {12},
    pages = {956-66+},
    priority = {0},
    title = {{The art and design of genetic screens: zebrafish}},
    url = {http://www.ncbi.nlm.nih.gov/entrez/query.fcgi?cmd=Retrieve\&\#38;db=PubMed\&\#38;dopt=Citation\&\#38;list\_uids=11733748},
    volume = {2},
    year = {2001}
}

@incollection{Amatruda08,
booktitle = {Chapter 1 Genetic Models of Cancer in Zebrafish},
editor = {Kwang W. Jeon},
publisher = {Academic Press},
year = {2008},
volume = {271},
pages = {1 - 34},
series = {International Review of Cell and Molecular Biology},
issn = {1937-6448},
doi = {http://dx.doi.org/10.1016/S1937-6448(08)01201-X},
url = {http://www.sciencedirect.com/science/article/pii/S193764480801201X},
author = {James F. Amatruda and E. Elizabeth Patton},
}

@article{Boehmler09,
title = {Identification of zebrafish \{A2\} adenosine receptors and expression in developing embryos},
journal = {Gene Expression Patterns},
volume = {9},
number = {3},
pages = {144 - 151},
year = {2009},
issn = {1567-133X},
doi = {http://dx.doi.org/10.1016/j.gep.2008.11.006},
url = {http://www.sciencedirect.com/science/article/pii/S1567133X08001221},
author = {Wendy Boehmler and Jessica Petko and Matthew Woll and Colleen Frey and Bernard Thisse and Christine Thisse and Victor A. Canfield and Robert Levenson},
}
@article{Newman11,
title = {Zebrafish as a tool in Alzheimer's disease research},
journal = {Biochimica et Biophysica Acta (BBA) - Molecular Basis of Disease},
volume = {1812},
number = {3},
pages = {346 - 352},
year = {2011},
note = {Including the Special Section: Zebrafish Models of Neurological Diseases},
issn = {0925-4439},
doi = {http://dx.doi.org/10.1016/j.bbadis.2010.09.012},
url = {http://www.sciencedirect.com/science/article/pii/S0925443910002127},
author = {Morgan Newman and Giuseppe Verdile and Ralph N. Martins and Michael Lardelli},
}

@article{Yang09,
title = {Zebrafish embryos as models for embryotoxic and teratological effects of chemicals},
journal = {Reproductive Toxicology},
volume = {28},
number = {2},
pages = {245 - 253},
year = {2009},
note = {37th Annual Conference of the European Teratology Society},
issn = {0890-6238},
doi = {http://dx.doi.org/10.1016/j.reprotox.2009.04.013},
url = {http://www.sciencedirect.com/science/article/pii/S0890623809001002},
author = {Lixin Yang and Nga Yu Ho and Rüdiger Alshut and Jessica Legradi and Carsten Weiss and Markus Reischl and Ralf Mikut and Urban Liebel and Ferenc Müller and Uwe Strähle},
}

@article{Bakkers11,
author = {Bakkers, Jeroen}, 
title = {Zebrafish as a model to study cardiac development and human cardiac disease},
year = {2011}, 
doi = {10.1093/cvr/cvr098}, 
URL = {http://cardiovascres.oxfordjournals.org/content/early/2011/05/19/cvr.cvr098.abstract}, 
eprint = {http://cardiovascres.oxfordjournals.org/content/early/2011/05/19/cvr.cvr098.full.pdf+html}, 
journal = {Cardiovascular Research},
}

@misc{Leonard05, 
title={In vivo drug discovery in the zebrafish}, 
url={http://www.nature.com/nrd/journal/v4/n1/full/nrd1606.html}, 
DOI={10.1038/nrd1606}, 
number={1}, 
journal={Nature Reviews Drug Discovery}, 
author={Leonard I. Zon, Randall T. Peterson}, 
year={2005}, 
pages={35–44},
}

@article{Kaufman09,
author = {Kaufman, Charles K. and White, Richard M. and Zon, Leonard},
doi = {10.1038/nprot.2009.144},
issn = {1750-2799},
journal = {Nature protocols},
month = {Sep},
number = {10},
posted-at = {2011-03-31 20:50:06},
priority = {2},
publisher = {Nature Publishing Group},
title = {Chemical genetic screening in the zebrafish embryo.},
url = {http://dx.doi.org/10.1038/nprot.2009.144},
volume = {4},
year = {2009},
}

@misc{Franz03, 
title={Chemical discovery and global gene expression analysis in zebrafish}, 
url={http://www.nature.com/nbt/journal/v21/n8/full/nbt852.html}, 
DOI={10.1038/nbt852}, 
number={8}, 
journal={Nature Biotechnology}, 
author={Franz B Pichler, Sophie Laurenson, Liam C Williams and Andrew Dodd and Brent R Copp and Donald R Love}, 
year={2003}, 
pages={879–883},
}

@article{Fan10,
title = {Gene expression changes in developing zebrafish as potential markers for rapid developmental neurotoxicity screening},
journal = {Neurotoxicology and Teratology},
volume = {32},
number = {1},
pages = {91 - 98},
year = {2010},
issn = {0892-0362},
doi = {http://dx.doi.org/10.1016/j.ntt.2009.04.065},
url = {http://www.sciencedirect.com/science/article/pii/S0892036209001305},
author = {Chun-Yang Fan and John Cowden and Steven O. Simmons and Stephanie Padilla and Ram Ramabhadran},
}


@article{Tran07,
author = {Tran, T. Cameron and Sneed, Blossom and Haider, Jamil and Blavo, Delali and White, Audrey and Aiyejorun, Temitope and Baranowski, Timothy C. and Rubinstein, Amy L. and Doan, Thanh N. and Dingledine, Raymond and Sandberg, Eric M.}, 
title = {Automated, Quantitative Screening Assay for Antiangiogenic Compounds Using Transgenic Zebrafish},
volume = {67}, 
number = {23}, 
pages = {11386-11392}, 
year = {2007}, 
doi = {10.1158/0008-5472.CAN-07-3126}, 
URL = {http://cancerres.aacrjournals.org/content/67/23/11386.abstract}, 
eprint = {http://cancerres.aacrjournals.org/content/67/23/11386.full.pdf+html}, 
journal = {Cancer Research},
}

@article{Ron13,
  author       = {R. Mikut and T. Dickmeis and W. Driever and P. Geurts and F. Hamprecht and B. X. Kausler and M. J. Ledesma-Carbayo and R. Mar\'ee and   K. Mikula and P. Pantazis and O. Ronneberger and A. Santos and R. Stotzka and U. Str{\"a}hle and N. Peyri\'eras},
  title        = {Automated processing of zebrafish imaging data - a survey},
  journal      = {Zebrafish},
  number       = {3},
  volume       = {10},
  pages        = {401--421},
  month        = {Aug},
  year         = {2013},
  url          = {http://lmb.informatik.uni-freiburg.de//Publications/2013/Ron13},
}

@article{Liu06,
title = "Computerized image analysis for quantitative neuronal phenotyping in zebrafish",
journal = "Journal of Neuroscience Methods ",
volume = "153",
number = "2",
pages = "190 - 202",
year = "2006",
issn = "0165-0270",
doi = "http://dx.doi.org/10.1016/j.jneumeth.2005.10.024",
url = "http://www.sciencedirect.com/science/article/pii/S0165027005004127",
author = "Tianming Liu and Jianfeng Lu and Ye Wang and William A. Campbell and Ling Huang and Jinmin Zhu and Weiming Xia and Stephen T.C. Wong",
}


@misc{Liu12, 
title={Automated Phenotype Recognition for Zebrafish Embryo Based In Vivo High Throughput Toxicity Screening of Engineered Nano-Materials},
url={http://www.plosone.org/article/info:doi/10.1371/journal.pone.0035014}, 
DOI={10.1371/journal.pone.0035014}, 
number={4}, 
journal={PLoS ONE}, 
author={Rong Liu and Sijie Lin and Robert Rallo and Yan Zhao and Robert Damoiseaux and Tian Xia and Shuo Lin and Andre Nel and Yoram Cohen}, 
year={2012}
}

@article{Bang02,
title = "High-throughput behavioral screening method for detecting auditory response defects in zebrafish ",
journal = "Journal of Neuroscience Methods ",
volume = "118",
number = "2",
pages = "177 - 187",
year = "2002",
note = "",
issn = "0165-0270",
doi = "http://dx.doi.org/10.1016/S0165-0270(02)00118-8",
url = "http://www.sciencedirect.com/science/article/pii/S0165027002001188",
author = "Pascal I Bang and Pamela C Yelick and Jarema J Malicki and William F Sewell",
}

@article {Vogt09,
author = {Vogt, Andreas and Cholewinski, Andrzej and Shen, Xiaoqiang and Nelson, Scott G. and Lazo, John S. and Tsang, Michael and Hukriede, Neil A.},
title = {Automated image-based phenotypic analysis in zebrafish embryos},
journal = {Developmental Dynamics},
volume = {238},
number = {3},
publisher = {Wiley-Liss, Inc.},
issn = {1097-0177},
url = {http://dx.doi.org/10.1002/dvdy.21892},
doi = {10.1002/dvdy.21892},
pages = {656--663},
keywords = {cognition network technology, high-content screening, angiogenesis, pironetin, zebrafish},
year = {2009},
}
@article{Feng05,
title = "Reconstruction and representation of caudal vasculature of zebrafish embryo from confocal scanning laser fluorescence microscopic images ",
journal = "Computers in Biology and Medicine ",
volume = "35",
number = "10",
pages = "915 - 931",
year = "2005",
note = "",
issn = "0010-4825",
doi = "http://dx.doi.org/10.1016/j.compbiomed.2004.05.003",
url = "http://www.sciencedirect.com/science/article/pii/S0010482504000733",
author = "Jun Feng and Shuk Han Cheng and Po K. Chan and Horace H.S. Ip",
}
@article{Chen11,
title = "Automated analysis of zebrafish images for phenotypic changes in drug discovery ",
journal = "Journal of Neuroscience Methods ",
volume = "200",
number = "2",
pages = "229 - 236",
year = "2011",
note = "",
issn = "0165-0270",
doi = "http://dx.doi.org/10.1016/j.jneumeth.2011.06.015",
url = "http://www.sciencedirect.com/science/article/pii/S0165027011003505",
author = "Shiye Chen and Yongxu Zhu and Weimina Xia and Shunren Xia and Xiaoyin Xu",
}
@incollection{Descoteaux05,
year={2005},
isbn={978-3-540-29327-9},
booktitle={Medical Image Computing and Computer-Assisted Intervention – MICCAI 2005},
volume={3749},
series={Lecture Notes in Computer Science},
editor={Duncan, JamesS. and Gerig, Guido},
doi={10.1007/11566465_2},
title={Bone Enhancement Filtering: Application to Sinus Bone Segmentation and Simulation of Pituitary Surgery},
url={http://dx.doi.org/10.1007/11566465_2},
publisher={Springer Berlin Heidelberg},
author={Descoteaux, Maxime and Audette, Michel and Chinzei, Kiyoyuki and Siddiqi, Kaleem},
pages={9-16}
}

@article{Koenderink84,
year={1984},
issn={0340-1200},
journal={Biological Cybernetics},
volume={50},
number={5},
doi={10.1007/BF00336961},
title={The structure of images},
url={http://dx.doi.org/10.1007/BF00336961},
publisher={Springer-Verlag},
author={Koenderink, JanJ.},
pages={363-370},
language={English}
}

@INPROCEEDINGS{Frangi98multiscalevessel,
    author = {Ro F. Frangi and Wiro J. Niessen and Koen L. Vincken and Max A. Viergever},
    title = {Multiscale vessel enhancement filtering},
    year = {1998},
    pages = {130--137},
    publisher = {Springer-Verlag}
}
@INPROCEEDINGS{Martin01, 
author={Martin, D. and Fowlkes, C. and Tal, D. and Malik, J.}, 
booktitle={Computer Vision, 2001. ICCV 2001. Proceedings. Eighth IEEE International Conference on}, 
title={A database of human segmented natural images and its application to evaluating segmentation algorithms and measuring ecological statistics}, 
year={2001}, 
month={}, 
volume={2}, 
pages={416-423 vol.2}, 
doi={10.1109/ICCV.2001.937655},
}

@article{otsu79,
    author = {Otsu, N.},
    citeulike-article-id = {1116982},
    journal = {IEEE Transactions on Systems, Man and Cybernetics},
    keywords = {image\_processing},
    month = jan,
    number = {1},
    pages = {62--66},
    posted-at = {2007-02-21 21:15:56},
    priority = {0},
    title = {{A threshold selection method from gray-level histograms}},
    volume = {9},
    year = {1979}
}

@article{Cardenas01,
title = "Reliability of tissue volumes and their spatial distribution for segmented magnetic resonance images ",
journal = "Psychiatry Research: Neuroimaging ",
volume = "106",
number = "3",
pages = "193 - 205",
year = "2001",
note = "",
issn = "0925-4927",
doi = "http://dx.doi.org/10.1016/S0925-4927(01)00075-0",
url = "http://www.sciencedirect.com/science/article/pii/S0925492701000750",
author = "Valerie A. Cardenas and Frank Ezekiel and Victoria Di Sclafani and Bryon Gomberg and George Fein",
}

@techreport{Betke01,
 author = {Betke, Margrit and Hong, Harrison and Ko, Jane},
 title = {Automatic 3D Registration of Lung Surfaces in Computed Tomography Scans},
 year = {2001},
 source = {View on NCSTRL},
 publisher = {Boston University},
 address = {Boston, MA, USA},
} 
@ARTICLE{Lee97, 
author={Seungyong Lee and Wolberg, G. and Sung-Yong Shin}, 
journal={Visualization and Computer Graphics, IEEE Transactions on}, 
title={Scattered data interpolation with multilevel B-splines}, 
year={1997}, 
month={Jul}, 
volume={3}, 
number={3}, 
pages={228-244}, 
doi={10.1109/2945.620490}, 
ISSN={1077-2626},
}

@incollection{Nielsen97,
year={1997},
isbn={978-3-540-62734-0},
booktitle={CVRMed-MRCAS'97},
volume={1205},
series={Lecture Notes in Computer Science},
editor={Troccaz, Jocelyne and Grimson, Eric and Mösges, Ralph},
doi={10.1007/BFb0029219},
title={Non-rigid image registration using bone growth model},
url={http://dx.doi.org/10.1007/BFb0029219},
publisher={Springer Berlin Heidelberg},
author={Bro-Nielsen, Morten and Gramkow, Claus and Kreiborg, Sven},
pages={1-12}
}
@misc{Peter03,
    author = "Kostelec, Peter J. and Periaswamy, Senthil",
    url=  {http://citeseerx.ist.psu.edu/viewdoc/download?rep=rep1&type=pdf&doi=10.1.1.173.2671},
    title = "Image Registration for MRI",
		year={2003},
		journal = {Modern Signal Processing}, 
		volume={46},
}
@article{Forsey88,
 author = {Forsey, David R. and Bartels, Richard H.},
 title = {Hierarchical B-spline Refinement},
 journal = {SIGGRAPH Comput. Graph.},
 issue_date = {Aug. 1988},
 volume = {22},
 number = {4},
 month = jun,
 year = {1988},
 issn = {0097-8930},
 pages = {205--212},
 numpages = {8},
 url = {http://doi.acm.org/10.1145/378456.378512},
 doi = {10.1145/378456.378512},
 acmid = {378512},
 publisher = {ACM},
 address = {New York, NY, USA},
} 

@article {Shirinifard13,
author = {Shirinifard, Abbas and McCollum, Catherine W. and Bolin, Maria Bondesson and Gustafsson, Jan-Åke and Glazier, James A. and Clendenon, Sherry G.},
title = {3D quantitative analyses of angiogenic sprout growth dynamics},
journal = {Developmental Dynamics},
volume = {242},
number = {5},
issn = {1097-0177},
url = {http://dx.doi.org/10.1002/dvdy.23946},
doi = {10.1002/dvdy.23946},
pages = {518--526},
keywords = {angiogenesis, analysis, dynamic, intersegmental vessel, quantitative, trajectory, zebrafish},
year = {2013},
}

@article{Kato04,
title = "A computer image processing system for quantification of zebrafish behavior ",
journal = "Journal of Neuroscience Methods ",
volume = "134",
number = "1",
pages = "1 - 7",
year = "2004",
note = "",
issn = "0165-0270",
doi = "http://dx.doi.org/10.1016/j.jneumeth.2003.09.028",
url = "http://www.sciencedirect.com/science/article/pii/S016502700300325X",
author = "Satoru Kato and Takashi Nakagawa and Masato Ohkawa and Kenichiro Muramoto and Osamu Oyama and Akihito Watanabe and Hiroshi Nakashima and Tetsu Nemoto and Kayo Sugitani",
keywords = "Computer image processing system",
keywords = "Zebrafish",
keywords = "Velocity",
keywords = "Trackings",
keywords = "Chasing behavior of two fish "
}

@incollection{Stern11,
year={2011},
isbn={978-3-642-24854-2},
booktitle={Pattern Recognition in Bioinformatics},
volume={7036},
series={Lecture Notes in Computer Science},
editor={Loog, Marco and Wessels, Lodewyk and Reinders, MarcelJ.T. and de Ridder, Dick},
doi={10.1007/978-3-642-24855-9_16},
title={Automatic Localization of Interest Points in Zebrafish Images with Tree-Based Methods},
url={http://dx.doi.org/10.1007/978-3-642-24855-9_16},
publisher={Springer Berlin Heidelberg},
author={Stern, Olivier and Marée, Raphaël and Aceto, Jessica and Jeanray, Nathalie and Muller, Marc and Wehenkel, Louis and Geurts, Pierre},
pages={179-190},
language={English}
}

@article{Arslanova10,
year={2010},
journal={BMC Biotechnology},
eid={24},
volume={10},
number={1},
doi={10.1186/1472-6750-10-24},
title={Phenotypic analysis of images of zebrafish treated with Alzheimer's γ-secretase inhibitors},
url={http://dx.doi.org/10.1186/1472-6750-10-24},
publisher={BioMed Central},
author={Arslanova, Dilyara and Yang, Ting and Xu, Xiaoyin and Wong, StephenT and Augelli-Szafran, CorinneE and Xia, Weiming},
language={English}
}

@article{Xu10,
author = {Xu, Xiaoyan and Xu, Xiaoyin and Huang, Xin and Xia, Weiming and Xia, Shunren}, 
title = {A High-Throughput Analysis Method to Detect Regions of Interest and Quantify Zebrafish Embryo Images},
volume = {15}, 
number = {9}, 
pages = {1152-1159}, 
year = {2010}, 
doi = {10.1177/1087057110379155}, 
URL = {http://jbx.sagepub.com/content/15/9/1152.abstract}, 
eprint = {http://jbx.sagepub.com/content/15/9/1152.full.pdf+html}, 
journal = {Journal of Biomolecular Screening} 
}

@article{Yozzo13,
author = {Yozzo, Krystle L. and Isales, Gregory M. and Raftery, Tara D. and Volz, David C.},
title = {High-Content Screening Assay for Identification of Chemicals Impacting Cardiovascular Function in Zebrafish Embryos},
journal = {Environmental Science \& Technology},
volume = {47},
number = {19},
pages = {11302-11310},
year = {2013},
doi = {10.1021/es403360y},
note ={PMID: 24015875},
URL = {http://dx.doi.org/10.1021/es403360y},
eprint = {http://dx.doi.org/10.1021/es403360y}
}

@article{Chen05,
title = "A unique role for 6-O sulfation modification in zebrafish vascular development ",
journal = "Developmental Biology ",
volume = "284",
number = "2",
pages = "364 - 376",
year = "2005",
note = "",
issn = "0012-1606",
doi = "http://dx.doi.org/10.1016/j.ydbio.2005.05.032",
url = "http://www.sciencedirect.com/science/article/pii/S0012160605003581",
author = "Eleanor Chen and Sally E. Stringer and Melissa A. Rusch and Scott B. Selleck and Stephen C. Ekker",
keywords = "Heparan sulfate 6-O sulfotransferase",
keywords = "Zebrafish",
keywords = "Vascular development",
keywords = "Morpholino "
}


@book{westerfield00,
  title={The zebrafish book: a guide for the laboratory use of zebrafish (Danio rerio)},
  author={Westerfield, Monte},
  year={2000},
  publisher={University of Oregon Press}
}

@article{Tal14,
title = "Immediate and long-term consequences of vascular toxicity during zebrafish development ",
journal = "Reproductive Toxicology ",
volume = "48",
number = "0",
pages = "51 - 61",
year = "2014",
note = "42nd Annual Conference of the European Teratology Society ",
issn = "0890-6238",
doi = "http://dx.doi.org/10.1016/j.reprotox.2014.05.014",
url = "http://www.sciencedirect.com/science/article/pii/S0890623814000999",
author = "T.L. Tal and C.W. McCollum and P.S. Harris and J. Olin and N. Kleinstreuer and C.E. Wood and C. Hans and S. Shah and F.A. Merchant and M. Bondesson and T.B. Knudsen and S. Padilla and M.J. Hemmer",
keywords = "Adverse outcome pathway",
keywords = "\{EGFR\}",
keywords = "Intersegmental vessel",
keywords = "\{VEGFR2\} "
}

@article{kleinstreuer2011,
  title={Environmental impact on vascular development predicted by high-throughput screening},
  author={Kleinstreuer, Nicole C and Judson, Richard S and Reif, David M and Sipes, Nisha S and Singh, Amar V and Chandler, Kelly J and DeWoskin, Rob and Dix, David J and Kavlock, Robert J and Knudsen, Thomas B},
  journal={Environmental health perspectives},
  volume={119},
  number={11},
  pages={1596},
  year={2011},
  publisher={Citeseer}
}

@article{folkman1995,
  title={Angiogenesis in cancer, vascular, rheumatoid and other disease},
  author={Folkman, Judah},
  journal={Nature medicine},
  volume={1},
  number={1},
  pages={27--30},
  year={1995},
  publisher={Nature Publishing Group}
}

@article{shalaby1995,
  title={Failure of blood-island formation and vasculogenesis in Flk-1-deficient mice},
  author={Shalaby, Fouad and Rossant, Janet and Yamaguchi, Terry P and Gertsenstein, Marina and Wu, Xiang-Fu and Breitman, Martin L and Schuh, Andre C},
  journal={Nature},
  volume={376},
  number={6535},
  pages={62--66},
  year={1995}
}

@article{isogai01,
  title={The vascular anatomy of the developing zebrafish: an atlas of embryonic and early larval development},
  author={Isogai, Sumio and Horiguchi, Masaharu and Weinstein, Brant M},
  journal={Developmental biology},
  volume={230},
  number={2},
  pages={278--301},
  year={2001},
  publisher={Elsevier}
}
@article{yaniv2006,
  title={Live imaging of lymphatic development in the zebrafish},
  author={Yaniv, Karina and Isogai, Sumio and Castranova, Daniel and Dye, Louis and Hitomi, Jiro and Weinstein, Brant M},
  journal={Nature medicine},
  volume={12},
  number={6},
  pages={711--716},
  year={2006},
  publisher={Nature Publishing Group}
}

@article{choi2011,
  title={Aplexone targets the HMG-CoA reductase pathway and differentially regulates arteriovenous angiogenesis},
  author={Choi, Jayoung and Mouillesseaux, Kevin and Wang, Zhiming and Fiji, Hannah DG and Kinderman, Sape S and Otto, Georg W and Geisler, Robert and Kwon, Ohyun and Chen, Jau-Nian},
  journal={Development},
  volume={138},
  number={6},
  pages={1173--1181},
  year={2011},
  publisher={The Company of Biologists Limited}
}

@article{kamali2009,
  title={Automated identification of neurons in 3D confocal datasets from zebrafish brainstem},
  author={Kamali, M and Day, LJ and Brooks, DH and Zhou, X and O'MALLEY, DM},
  journal={Journal of microscopy},
  volume={233},
  number={1},
  pages={114--131},
  year={2009},
  publisher={Wiley Online Library}
}

@ARTICLE{Pang12, 
author={Yanwei Pang and He Yan and Yuan Yuan and Kongqiao Wang}, 
journal={Systems, Man, and Cybernetics}, 
title={Robust CoHOG Feature Extraction in Human-Centered Image/Video Management System}, 
year={2012}, 
volume={42}, 
number={2}, 
pages={458-468},}

@article{Deniz11,
title = "Face recognition using Histograms of Oriented Gradients ",
journal = "Pattern Recognition Letters",
volume = "32",
number = "12",
pages = "1598-1603",
year = "2011",
author = "O. Déniz and G. Bueno and J. Salido and F.D. la Torre",
}
@incollection{Wang10,
year={2010},
booktitle={Computer Vision – ECCV 2010},
volume={6311},
title={Word Spotting in the Wild},
author={Wang, Kai and Belongie, Serge},
pages={591-604},
}



@book{Wada09,
year={2009},
booktitle={Advances in Image and Video Technology},
volume={5414},
author={Wada, Toshikazu and Huang, Fay and Lin, Stephen},
title={Co-occurrence Histograms of Oriented Gradients for Pedestrian Detection},
pages={37-47},
}

@INPROCEEDINGS{Lim10, 
author="K.L. Lim and Galoogahi, H.K.", 
booktitle="PSIVT 2010", 
title="Shape Classification Using Local and Global Features", 
year="2010", 
pages="115-120",  
doi="10.1109/PSIVT.2010.26"
}

@inproceedings{Bosch07,
 author = "Bosch, Anna and Zisserman, Andrew and Munoz, Xavier",
 title = "Representing Shape with a Spatial Pyramid Kernel",
 series = "CIVR '07",
 year = "2007",
 pages = "401-408",
 numpages = "8",
} 
@inproceedings{Dalal05,
 author = {Dalal, Navneet and Triggs, Bill},
 title = {Histograms of Oriented Gradients for Human Detection},
 series = {CVPR '05},
 year = {2005},
 pages = {886-893},
 numpages = {8},
} 

@article{annila2013,
  title={ZebIAT, an image analysis tool for registering zebrafish embryos and quantifying cancer metastasis},
  author={Annila, Teppo and Lihavainen, Eero and Marques, Ines J and Williams, Darren R and Yli-Harja, Olli and Ribeiro, Andre},
  journal={BMC bioinformatics},
  volume={14},
  number={Suppl 10},
  pages={S5},
  year={2013},
  publisher={BioMed Central Ltd}
}

@article{mccollum2011,
  title={Developmental toxicity screening in zebrafish},
  author={McCollum, Catherine W and Ducharme, Nicole A and Bondesson, Maria and Gustafsson, Jan-Ake},
  journal={Birth Defects Research Part C: Embryo Today: Reviews},
  volume={93},
  number={2},
  pages={67--114},
  year={2011},
  publisher={Wiley Online Library}
}

@book{niblack1985,
  title={An introduction to digital image processing},
  author={Niblack, Wayne},
  year={1985},
  publisher={Strandberg Publishing Company}
}

@article{haralick1973,
  title={Textural features for image classification},
  author={Haralick, Robert M and Shanmugam, Karthikeyan and Dinstein, Its' Hak},
  journal={Systems, Man and Cybernetics, IEEE Transactions on},
  number={6},
  pages={610--621},
  year={1973},
  publisher={IEEE}
}

@book{haralock1991,
  title={Computer and robot vision},
  author={Haralock, Robert M and Shapiro, Linda G},
  year={1991},
  publisher={Addison-Wesley Longman Publishing Co., Inc.}
}

@incollection{alshut2010,
  title={Methods for automated high-throughput toxicity testing using zebrafish embryos},
  author={Alshut, R{\"u}diger and Legradi, Jessica and Liebel, Urban and Yang, Lixin and van Wezel, Jos and Str{\"a}hle, Uwe and Mikut, Ralf and Reischl, Markus},
  booktitle={KI 2010: Advances in Artificial Intelligence},
  pages={219--226},
  year={2010},
  publisher={Springer}
}

@article{campbell2006,
  title={Zebrafish lacking Alzheimer presenilin enhancer 2 (Pen-2) demonstrate excessive p53-dependent apoptosis and neuronal loss},
  author={Campbell, William A and Yang, Hongwei and Zetterberg, Henrik and Baulac, St{\'e}phanie and Sears, Jacqueline A and Liu, Tianming and Wong, Stephen TC and Zhong, Tao P and Xia, Weiming},
  journal={Journal of neurochemistry},
  volume={96},
  number={5},
  pages={1423--1440},
  year={2006},
  publisher={Wiley Online Library}
}

@article{fouquet1997,
  title={Vessel patterning in the embryo of the zebrafish: guidance by notochord},
  author={Fouquet, Bernadette and Weinstein, Brant M and Serluca, Fabrizio C and Fishman, Mark C},
  journal={Developmental biology},
  volume={183},
  number={1},
  pages={37--48},
  year={1997},
  publisher={Elsevier}
}

@article{gehrig2009,
  title={Automated high-throughput mapping of promoter-enhancer interactions in zebrafish embryos},
  author={Gehrig, Jochen and Reischl, Markus and Kalm{\'a}r, {\'E}va and Ferg, Marco and Hadzhiev, Yavor and Zaucker, Andreas and Song, Chengyi and Schindler, Simone and Liebel, Urban and M{\"u}ller, Ferenc},
  journal={Nature Methods},
  volume={6},
  number={12},
  pages={911--916},
  year={2009},
  publisher={Nature Publishing Group}
}

@article{peravali2011,
  title={Automated feature detection and imaging for high-resolution screening of zebrafish embryos.},
  author={Peravali, Ravindra and Gehrig, Jochen and Giselbrecht, Stefan and L{\"u}tjohann, Dominic S and Hadzhiev, Yavor and M{\"u}ller, Ferenc and Liebel, Urban},
  journal={Biotechniques},
  volume={50},
  number={5},
  pages={319},
  year={2011}
}

@article{cheng2001,
  title={The use of microangiography in detecting aberrant vasculature in zebrafish embryos exposed to cadmium},
  author={Cheng, Shuk Han and Chan, Po Kwok and Wu, Rudolf Shiu Sun},
  journal={Aquatic Toxicology},
  volume={52},
  number={1},
  pages={61--71},
  year={2001},
  publisher={Elsevier}
}

@article{bang2002,
  title={High-throughput behavioral screening method for detecting auditory response defects in zebrafish},
  author={Bang, Pascal I and Yelick, Pamela C and Malicki, Jarema J and Sewell, William F},
  journal={Journal of neuroscience methods},
  volume={118},
  number={2},
  pages={177--187},
  year={2002},
  publisher={Elsevier}
}

@article{peng2008,
  title={Straightening Caenorhabditis elegans images},
  author={Peng, Hanchuan and Long, Fuhui and Liu, Xiao and Kim, Stuart K and Myers, Eugene W},
  journal={Bioinformatics},
  volume={24},
  number={2},
  pages={234--242},
  year={2008},
  publisher={Oxford Univ Press}
}

@article{mccollum2014,
  title={Embryonic exposure to sodium arsenite perturbs vascular development in zebrafish},
  author={McCollum, Catherine W and Hans, Charu and Shah, Shishir and Merchant, Fatima A and Gustafsson, Jan-{\AA}ke and Bondesson, Maria},
  journal={Aquatic Toxicology},
  volume={152},
  pages={152--163},
  year={2014},
  publisher={Elsevier}
}

\end{thebibliography}